<?xml version="1.0" encoding="UTF-8"?><collection xmlns="http://www.loc.gov/MARC21/slim"><record><leader>00552nam--2200193-i-4500</leader><controlfield tag="001">000009676</controlfield><controlfield tag="002">20161230</controlfield><controlfield tag="005">20161230201028</controlfield><controlfield tag="008">060222s1000------------r-----000-0-eng-d</controlfield><datafield ind1=" " ind2=" " tag="040"><subfield code="a">IFIN-HH</subfield></datafield><datafield ind1=" " ind2=" " tag="080"><subfield code="a">802.0</subfield></datafield><datafield ind1="1" ind2=" " tag="100"><subfield code="a">Broughton, Geoffrey</subfield></datafield><datafield ind1="1" ind2="0" tag="245"><subfield code="a">Teacher's handbook 2</subfield><subfield code="b">Success with english. the penguin course</subfield><subfield code="c">Geoffrey broughton, thomas greenwood</subfield></datafield><datafield ind1=" " ind2=" " tag="260"><subfield code="a">Harmondsworth</subfield><subfield code="b">Penguin Books Ltd</subfield><subfield code="c">1970</subfield></datafield><datafield ind1=" " ind2=" " tag="300"><subfield code="a">136 P</subfield></datafield><datafield ind1=" " ind2=" " tag="490"><subfield code="a">Penguin Books</subfield></datafield><datafield ind1="1" ind2=" " tag="700"><subfield code="a">Greenwood, Thomas</subfield></datafield><datafield ind1=" " ind2=" " tag="852"><subfield code="a">34711</subfield><subfield code="c">4</subfield></datafield><datafield ind1=" " ind2=" " tag="CAT"><subfield code="a">Sys</subfield><subfield code="c">20130131</subfield><subfield code="h">180206</subfield></datafield></record></collection>